


@TechReport{greenplum,
  OPTauthor =       {},
  title =        {Greenplum Database 4.0: Critical Mass Innovation},
  institution =  {EMC},
  year =         {2010},
  key =       {Greenplum},
  OPTtype =      {},
  OPTnumber =    {},
  OPTaddress =   {},
  OPTmonth =     {},
  OPTnote =      {},
  OPTannote =    {}
}

@inproceedings{graefe-cidr03,
  author    = {Goetz Graefe},
  title     = {Sorting And Indexing With Partitioned {B}-Trees},
  booktitle = {CIDR},
  year      = {2003},
  ee        = {http://www-db.cs.wisc.edu/cidr/cidr2003/program/p1.pdf},
  bibsource = {DBLP, http://dblp.uni-trier.de}
}

@INPROCEEDINGS{abouzeid09,
  AUTHOR = "A. Abouzeid and K. Bajda-Pawlikowski and D. Abadi and A. Silberschatz and A. Rasin",
  TITLE = "Hadoop{DB}: An Architectural Hybrid of MapReduce and {DBMS} Technologies for Analtyical Workloads",
  BOOKTITLE = "VLDB",
  YEAR = "2009"
}


@INPROCEEDINGS{cooper08,
  AUTHOR = "B. F. Cooper and others",
  TITLE = "{PNUTS}: {Y}ahoo!'s Hosted Data Serving Platform",
  BOOKTITLE = "VLDB",
  YEAR = "2008"
}

@INPROCEEDINGS{cooper10,
  AUTHOR = "B. F. Cooper and others",
  TITLE = "Benchmarking Cloud Serving Systems with {YCSB}",
  BOOKTITLE = "SOCC",
  YEAR = "2010"
}

@INPROCEEDINGS{chang06,
  author = "F. Chang and others",
  title  = "Bigtable: A Distributed Storage System for Structured Data",
  booktitle = "OSDI",
  year   = "2006",
}

@INPROCEEDINGS{dean04,
  author = "J. Dean and S. Ghemawat",
  title  = "{MapReduce}: Simplified Data Processing on Large Clusters",
  booktitle = "OSDI",
  year   = "2004",
}

@INPROCEEDINGS{chapin99,
  author = "S. Chapin and D. Katramatos and J. Karpovich and A. Grimshaw",
  title  = "Resource Management in Legion",
  booktitle = "Workshop on Job Scheduing Strategies for Parallel Processing",
  year   = "1999",
}


@INPROCEEDINGS{frey02,
  author = "J. Frey and T. Tannenbaum and I. Foster and M. Livny and S. Tuecke",
  title  = "{Condor-G}: A Computation Management Agent for Multi-Institutional
Grids",
  booktitle = "Cluster Computing",
  volume = "5",
  number = "3",
  pages = "237-246",
  year   = "2002",
}

@INPROCEEDINGS{ghormley98,
  author = "D. Ghormley and D. Petrou and S. Rodrigues and A. Vahdat and T. Anderson",
  title  = "{GLUnix}: A Global Layer Unix for a Network of Workstations",
  booktitle = "Software Practice and Experience",
  volume = "28",
  number = "9",
  pages = "929-961",
  year   = "1998",
}

@INPROCEEDINGS{tanenbaum90,
  author = "A. Tanenbaum and others",
  title  = "Experiences with the Amoeba Distributed Operating System",
  booktitle = "Communications of the ACM",
  volume = "33",
  pages = "46-63",
  year   = "1990",
}



@INPROCEEDINGS{honicky04,
  author = "R.J. Honicky and E. Miller",
  title  = "Replication Under Scalable Hashing: A Family of Algorithms for
Scalable Decentralized Data Distribution",
  booktitle = "IPDPS",
  year   = "2004",
}


@INPROCEEDINGS{isard07,
  author = "M. Isard and others",
  title  = "Dryad: Distributed Data-Parallel Programs from Sequential Building Blocks",
  booktitle = "Euro{Sys}",
  year   = "2007",
}

@inproceedings{pruyne96,
    author = "J. Pruyne and M. Livny",
    title = "Managing Checkpoints for Parallel Programs",
    booktitle = "IPPS",
    year = "1996"
}

@inproceedings{shute12,
    author = "J. Shute and others",
    title = "F1-The Fault-Tolerant Distributed RDBMS Supporting Google's Ad
Business",
    booktitle = "SIGMOD",
    year = "2012"
}


@INPROCEEDINGS{linkedin12,
  AUTHOR = "{LinkedIn Data Infrastructure Team}",
  TITLE = "Data Infrastructure at {LinkedIn}",
  BOOKTITLE = "ICDE",
  YEAR = "2012"
}

@inproceedings{zaharia11,
    author = "M. Zaharia and others",
    title = "The Datacenter Needs an Operating System",
    booktitle = "HotCloud",
    year = "2011"
}



@misc{mongodb,
  title = "Mongo{DB}",
  howpublished = "http://www.mongodb.org/"
}

@misc{mysql,
  title = "{MySQL}",
  howpublished = "http://www.mysql.com/"
}

@INPROCEEDINGS{decandia07
	  ,AUTHOR = "G. DeCandia and others"
		    ,TITLE = "Dynamo: Amazon's Highly Available Key-value Store"
		      ,BOOKTITLE = "SOSP"
		        ,YEAR = "2007"
}

@MISC{azuresds
	 ,TITLE = "{SQL Data Services/Azure Services Platform}"
		  ,HOWPUBLISHED = "http://www.microsoft.com/\-azure/\-data.mspx"
		   ,comments = {~}
	  }


@INPROCEEDINGS{lakshman08
	  ,AUTHOR = "A. Lakshman and P. Malik and K. Ranganathan"
		    ,TITLE = "Cassandra: A Structured Storage System on a {P2P} Network"
		      ,BOOKTITLE = "SIGMOD"
		        ,YEAR = "2008"
}

@MISC{cassandra
	 ,TITLE = "{Apache Cassandra}"
		  ,HOWPUBLISHED = "http://cassandra.apache.org"
		   ,comments = {~}
	  }

@MISC{hadoop
	 ,TITLE = "{Apache Hadoop}"
		  ,HOWPUBLISHED = "http://hadoop.apache.org/"
		   ,comments = {~}
	  }

@MISC{yarn
	 ,TITLE = "{Apache Hadoop NextGen MapReduce (YARN)}"
		  ,HOWPUBLISHED = "http://hadoop.apache.org/"
		   ,comments = {~}
	  }

@MISC{hbase
	 ,TITLE = "{Apache HBase}"
		  ,HOWPUBLISHED = "http://hbase.apache.org/"
		   ,comments = {~}
	  }

@MISC{mesos
	 ,TITLE = "{Apache Mesos}"
		  ,HOWPUBLISHED = "http://incubator.apache.org/mesos/"
		   ,comments = {~}
	  }


@MISC{hedwig
	 ,TITLE = "{Hedwig}"
		  ,HOWPUBLISHED = "https://cwiki.apache.org/ZOOKEEPER/hedwig.html"
		   ,comments = {~}
	  }

@MISC{zookeeper
	 ,TITLE = "{Zookeeper}"
		  ,HOWPUBLISHED = "http://zookeeper.apache.org"
		   ,comments = {~}
	  }

@MISC{sensei
	 ,TITLE = "{SenseiDB}"
		  ,HOWPUBLISHED = "http://www.senseidb.com/"
		   ,comments = {~}
	  }



@MISC{voldemort
	 ,TITLE = "{Project Voldemort}"
		  ,HOWPUBLISHED = "http://project-voldemort.com/"
		   ,comments = {~}
	  }

@MISC{simpledb
	 ,TITLE = "{Amazon SimpleDB}"
		  ,HOWPUBLISHED = "http://aws.amazon.com/\-simpledb/"
		   ,comments = {~}
	  }

